2520 3592
548 309 738 357 cHENODIA.

488 627 586 694 PAR
615 627 792 696 Avrun.

151 836 238 904 Two
253 837 339 904 little
353 837 443 904 birds
458 859 544 905 were
560 839 679 925 sitting
693 864 736 908 on
752 864 772 908 a
788 854 892 918 stone.
1015 820 1017 827 ¹

153 964 229 1031 One
243 965 318 1030 flew
332 986 424 1052 away
439 967 505 1031 and
521 968 600 1032 then
618 968 711 1033 there
726 990 794 1034 was
810 990 883 1048 one,

151 1092 190 1158 T'
203 1094 299 1158 other
313 1093 386 1158 flew
402 1114 495 1181 away
510 1096 577 1160 and
593 1097 674 1161 then
690 1097 783 1162 there
799 1118 866 1162 was
881 1118 978 1174 none,

151 1218 197 1284 So
213 1220 270 1284 the
286 1241 367 1303 poor
382 1231 477 1285 stone
492 1242 559 1287 was
575 1220 633 1288 left
649 1222 693 1288 all
708 1223 812 1291 alone.

153 1393 228 1460 One
243 1392 281 1459 of
292 1394 349 1460 the
364 1393 448 1460 little
464 1395 555 1462 birds
570 1396 657 1462 back
672 1397 770 1482 again
785 1399 868 1477 flew,

150 1523 191 1588 In
206 1542 300 1588 came
314 1522 336 1589 t’
349 1523 446 1589 other
460 1526 526 1589 and
541 1526 622 1591 then
638 1527 731 1592 there
746 1549 832 1593 were
848 1538 913 1596 two
928 1549 936 1608 ;

151 1650 237 1737 Says
252 1672 315 1716 one
331 1651 404 1717 bird
419 1662 453 1717 to
470 1651 491 1718 t'
508 1653 611 1732 other,
627 1654 747 1719 “How
762 1654 804 1719 do
819 1675 885 1740 you
901 1657 944 1721 do
957 1657 970 1722 ?
981 1655 999 1684 ’⁹

150 1787 168 1816 “
178 1780 271 1867 Very
286 1780 369 1860 well,
386 1782 402 1846 Ι
418 1782 524 1847 thank
537 1804 604 1869 you
618 1803 626 1862 ;
649 1804 731 1870 pray
746 1783 821 1848 how
836 1786 879 1850 do
892 1806 959 1872 you
973 1784 1011 1851 ?''

151 2131 257 2196 Fama
271 2142 323 2198 est
338 2152 399 2216 par
414 2131 523 2197 avium
539 2132 672 2199 venisse
687 2131 842 2199 insistere
857 2154 944 2212 saxo,
1034 2212 1037 2219 ¹

153 2260 304 2344 Quarum
320 2260 428 2344 prima
442 2260 587 2327 abeunte
603 2261 788 2345 superstitit
803 2261 881 2327 inde
897 2263 1057 2330 secunda:

152 2388 213 2453 Illa
228 2398 340 2453 autem
355 2385 486 2472 fugiens
498 2389 566 2474 jam
582 2389 637 2454 vix
652 2389 794 2474 vestigia
808 2388 912 2474 liquit,

151 2516 197 2581 Et
213 2536 327 2581 saxum
344 2536 488 2582 moerens
504 2515 539 2581 in
555 2537 674 2602 campo
690 2517 783 2602 luget
798 2517 896 2586 inani.

151 2690 241 2756 Ecce
256 2701 366 2756 autem
383 2691 515 2758 rediens
531 2691 640 2757 avium
657 2693 842 2777 comparuit
859 2714 934 2772 una,

150 2818 270 2883 Altera
286 2839 353 2883 non
369 2817 482 2902 segnis
499 2819 620 2883 sociam
638 2819 869 2903 complectitur
884 2820 1025 2885 almam:

150 2946 362 3031 Arreptique
377 2966 487 3023 manu,
502 2945 624 3030 “Quid
640 2947 712 3030 agis
728 2947 919 3012 dulcissima
940 2967 1047 3011 rerum
1064 2945 1102 3009 ?''

151 3071 331 3137 “Suaviter
347 3082 383 3137 ut
400 3093 489 3137 nunc
504 3081 563 3148 est,
579 3081 613 3136 et
625 3071 695 3156 jam
711 3071 809 3154 cupio
824 3072 936 3136 omnia
951 3069 1118 3168 quaevvisff'
